@article{fama2015five,
  title={A five-factor asset pricing model},
  author={Fama, Eugene F and French, Kenneth R},
  journal={Journal of financial economics},
  volume={116},
  number={1},
  pages={1--22},
  year={2015},
  publisher={Elsevier}
}

@article{carhart1997persistence,
  title={On persistence in mutual fund performance},
  author={Carhart, Mark M},
  journal={The Journal of finance},
  volume={52},
  number={1},
  pages={57--82},
  year={1997},
  publisher={Wiley Online Library}
}

@article{hou2021augmented,
  title={An augmented q-factor model with expected growth},
  author={Hou, Kewei and Mo, Haitao and Xue, Chen and Zhang, Lu},
  journal={Review of Finance},
  volume={25},
  number={1},
  pages={1--41},
  year={2021},
  publisher={Oxford University Press}
}

@article{hahn2006yield,
  title={Yield spreads as alternative risk factors for size and book-to-market},
  author={Hahn, Jaehoon and Lee, Hangyong},
  journal={Journal of Financial and Quantitative Analysis},
  volume={41},
  number={2},
  pages={245--269},
  year={2006},
  publisher={Cambridge University Press}
}

@article{petkova2006fama,
  title={Do the Fama--French factors proxy for innovations in predictive variables?},
  author={Petkova, Ralitsa},
  journal={The Journal of Finance},
  volume={61},
  number={2},
  pages={581--612},
  year={2006},
  publisher={Wiley Online Library}
}

@article{griffin2003momentum,
  title={Momentum investing and business cycle risk: Evidence from pole to pole},
  author={Griffin, John M and Ji, Xiuqing and Martin, J Spencer},
  journal={The Journal of finance},
  volume={58},
  number={6},
  pages={2515--2547},
  year={2003},
  publisher={Wiley Online Library}
}

@article{aretz2010macroeconomic,
  title={Macroeconomic risks and characteristic-based factor models},
  author={Aretz, Kevin and Bartram, S{\"o}hnke M and Pope, Peter F},
  journal={Journal of Banking \& Finance},
  volume={34},
  number={6},
  pages={1383--1399},
  year={2010},
  publisher={Elsevier}
}

@article{liew2000can,
  title={Can book-to-market, size and momentum be risk factors that predict economic growth?},
  author={Liew, Jimmy and Vassalou, Maria},
  journal={Journal of Financial Economics},
  volume={57},
  number={2},
  pages={221--245},
  year={2000},
  publisher={Elsevier}
}

@article{vassalou2003news,
  title={News related to future GDP growth as a risk factor in equity returns},
  author={Vassalou, Maria},
  journal={Journal of financial economics},
  volume={68},
  number={1},
  pages={47--73},
  year={2003},
  publisher={Elsevier}
}

@article{duffee2023macroeconomic,
  title={Macroeconomic news in asset pricing and reality},
  author={Duffee, Gregory R},
  journal={The Journal of Finance},
  volume={78},
  number={3},
  pages={1499--1543},
  year={2023},
  publisher={Wiley Online Library}
}

@article{fama1984comparison,
  title={A comparison of inflation forecasts},
  author={Fama, Eugene F and Gibbons, Michael R},
  journal={Journal of monetary Economics},
  volume={13},
  number={3},
  pages={327--348},
  year={1984},
  publisher={Elsevier}
}

@article{merton1974pricing,
  title={On the pricing of corporate debt: The risk structure of interest rates},
  author={Merton, Robert C},
  journal={The Journal of finance},
  volume={29},
  number={2},
  pages={449--470},
  year={1974},
  publisher={JSTOR}
}

@article{vassalou2004default,
  title={Default risk in equity returns},
  author={Vassalou, Maria and Xing, Yuhang},
  journal={The journal of finance},
  volume={59},
  number={2},
  pages={831--868},
  year={2004},
  publisher={Wiley Online Library}
}

@article{herskovic2023micro,
  title={Micro uncertainty and asset prices},
  author={Herskovic, Bernard and Kind, Thilo and Kung, Howard},
  journal={Journal of Financial Economics},
  volume={149},
  number={1},
  pages={27--51},
  year={2023},
  publisher={Elsevier}
}

@article{merton1973intertemporal,
  title={An intertemporal capital asset pricing model},
  author={Merton, Robert C},
  journal={Econometrica: Journal of the Econometric Society},
  pages={867--887},
  year={1973},
  publisher={JSTOR}
}

@article{ROSS1976341,
title = {The arbitrage theory of capital asset pricing},
journal = {Journal of Economic Theory},
volume = {13},
number = {3},
pages = {341-360},
year = {1976},
issn = {0022-0531},
doi = {https://doi.org/10.1016/0022-0531(76)90046-6},
url = {https://www.sciencedirect.com/science/article/pii/0022053176900466},
author = {Stephen A Ross}
}

@article{fama2018choosing,
  title={Choosing factors},
  author={Fama, Eugene F and French, Kenneth R},
  journal={Journal of financial economics},
  volume={128},
  number={2},
  pages={234--252},
  year={2018},
  publisher={Elsevier}
}

@article{hou2015digesting,
  title={Digesting anomalies: An investment approach},
  author={Hou, Kewei and Xue, Chen and Zhang, Lu},
  journal={The Review of Financial Studies},
  volume={28},
  number={3},
  pages={650--705},
  year={2015},
  publisher={Oxford University Press}
}